<?xml version="1.0" encoding="UTF-8"?><collection xmlns="http://www.loc.gov/MARC21/slim"><record><leader>00348nam--2200145-i-4500</leader><controlfield tag="001">000024893</controlfield><controlfield tag="002">20161230</controlfield><controlfield tag="005">20161230201035</controlfield><controlfield tag="008">060222s1000------------r-----000-0-eng-d</controlfield><datafield ind1=" " ind2=" " tag="080"><subfield code="a">001</subfield></datafield><datafield ind1=" " ind2=" " tag="245"><subfield code="a">United kingdom</subfield></datafield><datafield ind1=" " ind2=" " tag="260"><subfield code="a">London, Francis Hodgson Ltd., 1968</subfield></datafield><datafield ind1=" " ind2=" " tag="490"><subfield code="a">Guide To World Science</subfield></datafield><datafield ind1=" " ind2=" " tag="700"><subfield code="a">Fifield, F. Richard</subfield></datafield><datafield ind1=" " ind2=" " tag="852"><subfield code="a">28481</subfield></datafield></record></collection>